@inproceedings{huang2012close,
  title       = {A close examination of performance and power characteristics of 4G LTE networks},
  author      = {Huang, Junxian and Qian, Feng and Gerber, Alexandre and Mao, Z Morley and Sen, Subhabrata and Spatscheck, Oliver},
  booktitle   = {Proceedings of the 10th international conference on Mobile systems, applications, and services},
  pages       = {225--238},
  year        = {2012}
}

@article{vcolakovic2023iot,
  title       = {IoT systems modeling and performance evaluation},
  author      = {{\v{C}}olakovi{\'c}, Alem},
  journal     = {Computer Science Review},
  volume      = {50},
  pages       = {100598},
  year        = {2023},
  publisher   = {Elsevier}
}

@article{dadkhah2024ciciomt2024,
  title       = {CICIoMT2024: A benchmark dataset for multi-protocol security assessment in IoMT},
  author      = {Dadkhah, Sajjad and Neto, Euclides Carlos Pinto and Ferreira, Raphael and Molokwu, Reginald Chukwuka and Sadeghi, Somayeh and Ghorbani, Ali A},
  journal     = {Internet of Things},
  volume      = {28},
  pages       = {101351},
  year        = {2024},
  publisher   = {Elsevier}
}